<collection xmlns="http://www.loc.gov/MARC21/slim">
<record>
  <leader>00978nam0a22002051i 450 </leader>
  <controlfield tag="001">IT\ICCU\CNCE\066711</controlfield>
  <controlfield tag="005">20080520000000.0</controlfield>
  <datafield tag="012" ind1=" " ind2=" ">
    <subfield code="a">8.t. i.ij e-e- 8.c. (C) 1578 (A)</subfield>
    <subfield code="2">fei</subfield>
  </datafield>
  <datafield tag="100" ind1=" " ind2=" ">
    <subfield code="a">20060907f1578        0itac0103    ba</subfield>
  </datafield>
  <datafield tag="101" ind1=" " ind2=" ">
    <subfield code="a">ITA</subfield>
  </datafield>
  <datafield tag="102" ind1=" " ind2=" ">
    <subfield code="a">IT</subfield>
  </datafield>
  <datafield tag="200" ind1="1" ind2=" ">
    <subfield code="a">Per prouedere (in quanto si pu)̣ alli molti mali, &amp; inconuenienti, che giorno, &amp; notte potessero occorrere in questa magnifica citt,̉ &amp; per venir pi ̮facilmente in cognitione delli delitti ...</subfield>
  </datafield>
  <datafield tag="210" ind1=" " ind2=" ">
    <subfield code="a">In Piacenza</subfield>
    <subfield code="c">appresso Gio. Bazzacho</subfield>
    <subfield code="d">&amp; Anteo Conti</subfield>
    <subfield code="d">\1578?!</subfield>
  </datafield>
  <datafield tag="215" ind1=" " ind2=" ">
    <subfield code="a">1 manifesto (2 fogli)</subfield>
    <subfield code="c">1 stemma</subfield>
    <subfield code="d">fol</subfield>
  </datafield>
  <datafield tag="300" ind1=" " ind2=" ">
    <subfield code="a">Bando che impone ai forestieri che intendono stabilirsi a Piacenza di presentarsi al governatore della citt.̉ - Data di emanazione: 26 febbraio 1578</subfield>
  </datafield>
  <datafield tag="620" ind1=" " ind2=" ">
    <subfield code="a">IT</subfield>
    <subfield code="d">Piacenza</subfield>
  </datafield>
  <datafield tag="710" ind1="0" ind2="2">
    <subfield code="a">Piacenza</subfield>
    <subfield code="3">IT\ICCU\CNCT\006535</subfield>
  </datafield>
  <datafield tag="712" ind1="0" ind2="0">
    <subfield code="a">Bazachi, Giovanni &amp; Conti, Anteo</subfield>
    <subfield code="3">IT\ICCU\CNCT\001370</subfield>
    <subfield code="4">650</subfield>
  </datafield>
  <datafield tag="801" ind1=" " ind2="3">
    <subfield code="a">IT</subfield>
    <subfield code="b">ICCU</subfield>
    <subfield code="c">20201115</subfield>
  </datafield>
  <datafield tag="899" ind1=" " ind2=" ">
    <subfield code="a">Biblioteca Reale. Torino</subfield>
    <subfield code="1">TO0263</subfield>
    <subfield code="2">TO0 07</subfield>
  </datafield>
</record>
</collection>
